<record><leader>00000cas a22000007a 4500</leader><controlfield tag="001">21158001</controlfield><controlfield tag="008">900302d18991932moudn ne      0    0eng d</controlfield><datafield ind1=" " ind2=" " tag="010"><subfield code="a">sn 90061260 </subfield></datafield><datafield ind1=" " ind2=" " tag="040"><subfield code="a">MQN</subfield><subfield code="b">eng</subfield><subfield code="c">MQN</subfield><subfield code="d">OCLCQ</subfield></datafield><datafield ind1=" " ind2=" " tag="042"><subfield code="a">msc</subfield></datafield><datafield ind1="0" ind2="0" tag="245"><subfield code="a">Lexington advertiser.</subfield></datafield><datafield ind1=" " ind2=" " tag="260"><subfield code="a">Lexington, Mo. :</subfield><subfield code="b">Harold C. Rixey [and] W.S. Rixey</subfield></datafield><datafield ind1=" " ind2=" " tag="300"><subfield code="a">v.</subfield></datafield><datafield ind1=" " ind2=" " tag="310"><subfield code="a">Daily (except Sun.)</subfield></datafield><datafield ind1="1" ind2=" " tag="362"><subfield code="a">Began in 1899? Ceased in 1932?</subfield></datafield><datafield ind1=" " ind2=" " tag="588"><subfield code="a">Description based on: Vol. 32, no. 153 (July 1, 1931).</subfield></datafield><datafield ind1=" " ind2=" " tag="752"><subfield code="a">United States</subfield><subfield code="b">Missouri</subfield><subfield code="c">Lafayette</subfield><subfield code="d">Lexington.</subfield></datafield><datafield ind1="0" ind2="7" tag="785"><subfield code="t">Lexington daily news</subfield><subfield code="w">(DLC)sn 90061259</subfield></datafield><datafield ind1="0" ind2="7" tag="785"><subfield code="t">Lexington advertiser-news</subfield><subfield code="w">(DLC)sn 90061261</subfield></datafield></record>